
@incollection{de_berg_chapter_2000,
	title = {Chapter 3: {Polygon} {Triangulation}},
	isbn = {3-540-65620-0},
	booktitle = {Computational {Geometry} (2nd revised ed.)},
	publisher = {Springer-Verlag},
	author = {de Berg, Mark and van Kreveld, Marc and Overmars, Mark and Schwarzkopf, Otfried},
	year = {2000},
	pages = {45--61}
}

@article{prim_shortest_1957,
	title = {Shortest connection networks {And} some generalizations},
	doi = {10.1002/j.1538-7305.1957.tb01515.x},
	number = {36 (6)},
	journal = {Bell System Technical Journal},
	author = {Prim, R. C.},
	year = {1957},
	pages = {1389--1401}
}

@incollection{__2010,
	title = {Деревья},
	booktitle = {Основы дискретной математики: теория и практика},
	publisher = {МИЭТ},
	author = {Олейник, Т.А.},
	year = {2010}
}